@article{globalwarming,
  title={IPCC, Climate Change 2014: Impacts, Adaptation, and Vulnerability – Technical Summary},
  author={Field, C.; Barros, V.; Mach, K.; Mastrandrea, M.; et al.},
  journal={Intergovernmental Panel on Climate Change},
  pages={44–46},
  year={2014}
}
@article{evolution,
  title={Climate Change Could Change Rates of Evolution},
  author={Gross, L.},
  journal={PLoS Biology},
  volume={9},
  year={2011}
}
@article{ecology,
  title={Effects of Body Size and Temperature on Population Growth},
  author={Savage, V.; Gillooly, J.; Brown, J.; West, G.; Charnov, E.},
  journal={The American Naturalist},
  volume={163},
  pages={429-441},
  year={2004}
}
@article{schoolfield,
  title={Non-linear Regression of Biological Temperature-dependent Rate Models Based on Absolute Reaction-rate Theory},
  author={Schoolfield, R.; Sharpe, P.; Magnuson, C.},
  journal={Journal of Theoretical Biology},
  volume={88},
  pages={719-731},
  year={1981}
}
@article{modelselection,
  title={Model selection in ecology and evolution},
  author={Johnson, J.; Omland, K.},
  journal={Trends in Ecology and Evolution},
  volume={19},
  pages={101-108},
  year={2004}
}
@Manual{Rstudio, 
  title = {RStudio: Integrated Development Environment for R},
  author = {{RStudio Team}}, 
  organization = {RStudio, Inc.}, 
  address = {Boston, MA}, 
  year = {2015}, 
  url = {http://www.rstudio.com/}, 
}
@Manual{dplyr,
    title = {dplyr: A Grammar of Data Manipulation},
    author = {Hadley Wickham and Romain François and Lionel Henry and Kirill Müller},
    year = {2018},
    note = {R package version 0.7.6},
    url = {https://CRAN.R-project.org/package=dplyr},
}
@Techreport{python, 
 title= {Python tutorial}, 
 author = {G. van Rossum}, 
 number={CS-R9526}, 
 institution= {Centrum voor Wiskunde en Informatica (CWI)}, 
 year= {1995}, 
 address={Amsterdam}, 
 month={May} 
}
@Misc{numpy,
  author =    {Travis Oliphant},
  title =     {{NumPy}: A guide to {NumPy}},
  year =      {2006--},
  howpublished = {USA: Trelgol Publishing},
  url = "http://www.numpy.org/",
  note = {[Online; accessed <today>]}
}
@InProceedings{pandas, 
  author    = { Wes McKinney }, 
  title     = { Data Structures for Statistical Computing in Python }, 
  booktitle = { Proceedings of the 9th Python in Science Conference }, 
  pages     = { 51 - 56 }, 
  year      = { 2010 }, 
  editor    = { St\'efan van der Walt and Jarrod Millman } 
} 
@misc{lmfit,
  author   = {Newville, Matthew and
                  Stensitzki, Till and
                  Allen, Daniel B. and
                  Ingargiola,  Antonino},
  title    = {{LMFIT: Non-Linear Least-Square Minimization and 
                   Curve-Fitting for Python}},
  month    = sep,
  year     = 2014,
  doi      = {10.5281/zenodo.11813},
  url      = {https://doi.org/10.5281/zenodo.11813}
}
@Book{ggplot,
    author = {Hadley Wickham},
    title = {ggplot2: Elegant Graphics for Data Analysis},
    publisher = {Springer-Verlag New York},
    year = {2016},
    isbn = {978-3-319-24277-4},
    url = {http://ggplot2.org},
}

