@article{1,
  title={Prevalence of the Congenital Long QT Syndrome},
  author={Schwartz, P. J. and Stramba-Badiale, M. and Crotti, L. Pedrazzini, M. and Besana, A. and others},
  journal={Circulation},
  volume = {120},
  number = {18},
  pages={1761-7},
  year={2009}
}


@article{2,
  title={Genetics of long-QT syndrome},
  author={Nakano, Y. and Shimizu, W.},
  journal={Genetics of long-QT syndrome},
  volume = {61},
  pages={51-55},
  year={2016}
}


@article{3,
  title={Long QT syndrome: beyond the causal mutation},
  author={Amin, A. S. and Pinto, Y. M. and Wilde, A. A.},
  journal={ The Journal of physiology},
  volume = {591},
  number = {17},
  pages={4125–4139},
  year={2013}
}



@article{4,
  title={Common variants at ten loci influence QT interval duration in the QTGEN Study},
  author={Newton-Cheh, C. and Eijgelsheim, M. and Rice, K. M. and de Bakker, P. I. and Yin, X. and others },
  journal={Nature genetics},
  volume = {41},
  number = {4},
  pages={399–406},
  year={2009}
}



@article{5,
  title={Common variants at ten loci modulate the QT interval duration in the QTSCD Study},
  author={Pfeufer, A. and Sanna, S. and Arking, D. E. and Müller, M. and Gateva, V. and others},
  journal={Nature genetics},
  volume = {41},
  number = {4},
  pages={407–414},
  year={2009}
}


@article{6,
  title={Identification of a common variant at the NOS1AP locus strongly associated to QT-interval duration},
  author={Eijgelsheim, M. and Aarnoudse, A. L. H. J. and Rivadeneira, F. and Kors, J. A. and Witteman,J. C. M. and others},
  journal={Human Molecular Genetics},
  volume = {18},
  number = {2},
  pages={347–357},
  year={2009}
}

@article{7,
  title={Common NOS1AP Variants Are Associated With a Prolonged QTc Interval in the Rotterdam Study},
  author={Aarnoudse, A. L. H. J. and Newton-Cheh, C. and de Bakker, P. I. W. and Straus, S. M. J. M. and Kors, J. A. and others},
  journal={Circulation},
  volume = {116},
  pages={10-16},
  year={2007}
}


@article{8,
  title={NOS1AP is a genetic modifier of the long-QT syndrome},
  author={Crotti, L. and Monti, M. C. and Insolia, R. and Peljto, A. and Goosen, A. and others},
  journal={Circulation},
  volume = {120},
  number = {17},
  pages={1657–1663},
  year={2009}
}


@article{9,
  title={Distribution of allele frequencies and effect sizes and their interrelationships for common genetic susceptibility variants},
  author={Park, J. H. and Gail, M. H. and Weinberg, C. R. and Carroll, R. J. and Chung, C. C. and others},
  journal={Proceedings of the National Academy of Sciences of the United States of America},
  volume = {108},
  number = {44},
  pages={18026–18031},
  year={2011}
}

@article{10,
  title={Ion channels in sperm physiology},
  author={Darszon, A. and Labarca, P. and Nishigaki, T. and Espinosa, F.},
  journal={Physiological Reviews},
  volume = {79},
  number = {2},
  pages={481-510},
  year={1999}
}

@article{11,
  title={Recent and ongoing selection in the human genome},
  author={Nielsen, R. and Hellmann, I. and Hubisz, M. and Bustamante, C. and Clark, A. G.},
  journal={Nature reviews},
  volume = {8},
  number = {11},
  pages={857–868},
  year={2007}
}


@article{12,
  title={The hitch-hiking effect of a favourable gene},
  author={Smith, J. M. and Haigh, J.},
  journal={Genetical Research},
  volume = {23},
  number = {1},
  pages={23-35},
  year={1974}
}

@article{13,
  title={Detecting positive selection in the genome},
  author={Booker, T. R. and Jackson, B. C. and Keightley, P. D.},
  journal={BMC Biology},
  volume = {15},
  year={2017}
}

@article{14,
  title={Statistical method for testing the neutral mutation hypothesis by DNA polymorphism},
  author={Tajima, F.},
  journal={Genetics},
  volume = {123},
  number = {3},
  pages={585-95},
  year={1989}
}


@article{15,
  title={Adaptive protein evolution at the Adh locus in Drosophila},
  author={McDonald, J. M. and Kreitman, M.},
  journal={Nature},
  volume = {351},
  pages={652-4},
  year={1991}
}


@article{16,
  title={A map of recent positive selection in the human genome},
  author={Voight, B. F. and Kudaravalli, S. and Wen, X. and Pritchard, J. K.},
  journal={PLoS biology},
  volume = {4},
  number = {3},
  year={2006}
}

@article{17,
  title={The Unreasonable Effectiveness of Convolutional Neural Networks in Population Genetic Inference},
  author={Flagel, L. and Brandvain, Y. and Schrider, D. R.},
  journal={Molecular biology and evolution},
  volume = {36},
  number = {2},
  pages={220-238},
  year={2019}
}


@article{18,
  title={Supervised Machine Learning for Population Genetics: A New Paradigm},
  author={Schrider, D. R. and Kern, A. D. },
  journal={Trends in genetics},
  volume = {34},
  number = {4},
  pages={301-312},
  year={2018}
}


@article{19,
  title={Distinguishing positive selection from neutral evolution: boosting the performance of summary statistics},
  author={Lin, K. and Li, H. and Schlotterer, C. and Futschik, A. },
  journal={Genetics},
  volume = {187},
  number = {1},
  pages={229-244},
  year={2011}
}


@article{20,
  title={Learning Natural Selection from the Site Frequency Spectrum},
  author={Ronen, R. and Udpa, N. and Halperin, E. and Bafna, V. },
  journal={Genetics},
  volume = {195},
  number = {1},
  pages={181-193},
  year={2013}
}

@article{21,
  title={Hierarchical boosting: a machine-learning framework to detect and classify hard selective sweeps in human populations},
  author={Pybus, M. and Luisi, P. and Dall'Olio, G. M. and Uzkudun, M. and Laayouni, H. and others},
  journal={Bioinformatics},
  volume = {31},
  number = {24},
  pages={3946-52},
  year={2015}
}

@article{22,
  title={S/HIC: Robust Identification of Soft and Hard Sweeps Using Machine Learning},
  author={Schrider, D. R. and Kern, A. D. },
  journal={PLoS genetics},
  volume = {12},
  number = {3},
  year={2016}
}

@article{23,
  title={Haplostrips: revealing population structure through haplotype visualization},
  author={Marnetto, D. and Huerta‐Sanchez, E. },
  journal={Methods in Ecology and Evolution},
  volume = {8},
  pages={1389–1392},
  year={2017}
}

@article{24,
  title={Gradient-based learning applied to document recognition},
  author={Lecun, Y. and Bottou, L. and Bengio, Y. and Haffner, P. },
  journal={Proceedings of the IEEE},
  volume = {86},
  number = {11},
  year={1998}
}


@article{25,
  title={Deep learning},
  author={LeCun, Y. and Bengio, Y. and Hinton, G. },
  journal={Nature},
  volume = {521},
  pages={436–444},
  year={2015}
}


@misc{26,
  author       = {Kibirige, H. and Lamp, G and Katins, J. and Austin, O. and gdowding and others},
  title        = {has2k1/plotnine: v0.6.0},
  year         = {2019},
  doi          = {10.5281/zenodo.3373970},
  url          = {https://doi.org/10.5281/zenodo.3373970}
}



@article{27,
  title={NRE: a tool for exploring neutral loci in the human genome},
  author={Arbiza, L. and Zhong, E. and Keinan, A. },
  journal={BMC Bioinformatics},
  volume = {13},
  number = {301},
  year={2012}
}


@article{28,
  title={Genetic signatures of strong recent positive selection at the lactase gene},
  author={Bersaglieri, T. and Sabeti, P. C. and Patterson, N. and Vanderploeg, T. and Schaffner, S. F. and others},
  journal={American journal of human genetics},
  volume = {74},
  number = {6},
  pages={1111–1120},
  year={2004}
}


@article{29,
  title={Ensembl 2018},
  author={Zerbino, D. R. and Achuthan, P. and Akanni, W. and Amode, M. R. and Barrell, D. and others},
  journal={Nucleic Acids Research},
  volume = {46},
  number = {D1},
  pages={D754-761},
  year={2018}
}


@article{30,
  title={Initial sequencing and analysis of the human genome},
  author={Lander, E. S. and Linton, L. M. and Birren, B. and Nusbaum, C. and Zody, M. C. and others},
  journal={Nature},
  volume = {209},
  number = {6822},
  pages={860-921},
  year={2001}
}


@article{31,
  title={MSMS: a coalescent simulation program including recombination, demographic structure and selection at a single locus},
  author={Ewing, G. and Hermisson, J. },
  journal={Bioinformatics},
  volume = {26},
  number = {16},
  pages={2064–2065},
  year={2010}
}


@article{32,
  title={The allele frequency spectrum in genome-wide human variation data reveals signals of differential demographic history in three large world populations},
  author={Marth, G. T. and Czabarka, E. and Murvai, J. and Sherry, S. T. },
  journal={Genetics},
  volume = {166},
  number = {1},
  pages={351-372},
  year={2004}
}


@article{33,
  title={Variation in human recombination rates and its genetic determinants},
  author={Fledel-Alon, A. and Leffler, E. M. and Guan, Y. and Stephens, M. and Coop, G. and others},
  journal={PloS one},
  volume = {6},
  number = {6},
  year={2011}
}


@article{34,
  title={Revising the human mutation rate: implications for understanding human evolution.},
  author={Scally, A. and Durbin, R. },
  journal={Nature reviews.Genentics},
  volume = {13},
  number = {10},
  pages={745-53},
  year={2012}
}

@article{35,
  title={Detecting ancient positive selection in humans using extended lineage sorting},
  author={Peyregne, S. and Boyle, M. J. and Dannemann, M. and Prufer, K. },
  journal={Genome Research},
  volume = {27},
  pages={1563-1572},
  year={2017}
}


@article{36,
  title={Soft Sweeps Are the Dominant Mode of Adaptation in the Human Genome},
  author={Schrider, D. R. and Kern, A. D. },
  journal={Molecular biology and evolution},
  volume = {34},
  number = {8},
  pages={1863–1877},
  year={2017}
}

@misc{37,
  title={Keras},
  author={Chollet, Fran\c{c}ois and others},
  year={2015},
  howpublished={\url{https://keras.io}},
}

@misc{38,
 title={{TensorFlow}: Large-Scale Machine Learning on Heterogeneous Systems},
 url={http://tensorflow.org/},
 note={Software available from tensorflow.org},
 author={Abadi, M. and Agarwal, A. and Barham, P. and Brevdo, E. and Chen, Z. and others},
 year={2015},
}

@book{39,
 author = {Chollet, Francois},
 title = {Deep Learning with Python},
 year = {2017},
 isbn = {1617294438, 9781617294433},
 edition = {1st},
 publisher = {Manning Publications Co.},
 address = {Greenwich, CT, USA},
} 

@article{40,
  title={Polymorphisms in the NOS1AP gene modulate QT interval duration and risk of arrhythmias in the long QT syndrome},
  author={Tomas, M. and Napolitano, C. and De Giuli, L. and Bloise, R. and Subirana, I. and others},
  journal={journal of the american college of cardiology},
  volume = {55},
  number = {24},
  pages={2745-52},
  year={2010}
}

@article{41,
  title={Detecting recent positive selection in the human genome from haplotype structure},
  author={Sabeti, P. C. and Reich, D. E. and Higgins, J. M. and Levine, H. Z. and Richter, D. J. and others},
  journal={Nature},
  volume = {419},
  number = {6909},
  pages={832-7},
  year={2002}
}

@article{42,
  title={Inferring the Joint Demographic History of Multiple Populations from Multidimensional SNP Frequency Data},
  author={Gutenkunst, R. N. and Hernandez, R. D. and Williamson, S. H. and Bustamante, C. D. },
  journal={PLoS Genetics},
  volume = {5},
  number = {10},
  year={2009}
}


@article{43,
  title={Inferring the Joint Demographic History of Multiple Populations: Beyond the Diffusion Approximation},
  author={Jouganous, J. and Long, W. and Ragsdale A. P. and Gravel, S.},
  journal={Genetics},
  volume = {206},
  number = {3},
  pages={1549-1567},
  year={2017}
}

@article{44,
 title={Scikit-learn: Machine Learning in {P}ython},
 author={Pedregosa, F. and Varoquaux, G. and Gramfort, A. and Michel, V.
         and Thirion, B. and others},
 journal={Journal of Machine Learning Research},
 volume={12},
 pages={2825-2830},
 year={2011}
}

@misc{45,
  author       = {Miles, A. and Ralph, P. and Rae, S. and Pisupati, R.},
  title        = {cggh/scikit-allel: v1.2.1},
  year         = {2019},
  doi          = {10.5281/zenodo.3238280},
  url          = {https://doi.org/10.5281/zenodo.3238280}
}