@article{Morita,
  title={The QT syndromes: long and short},
  author={Morita et al.},
  journal={Lancet},
  volume={},
  pages={},
  year={2008}
}

@article{Pfeufer,
  title={Common variants at ten loci modulate the qt interval duration in the qtscd study},
  author={Pfeufer et al.},
  journal={Nature genetics},
  volume={},
  pages={},
  year={2009}
}


@article{Newton-Cheh,
  title={Genetic determinants of qt interval variation and sudden cardiac death},
  author= Newton-Cheh et al.},
  journal={Current opinion in genetics & development},
  volume={},
  pages={},
  year={2007}
}

@article{Pavlidis,
  title={A survey of methods and tools to detect recent and strong positive selection},
  author= Pavlidis et al.},
  journal={Journal of Biological Research},
  volume={},
  pages={},
  year={2017}
}

@article{Schrider,
  title={Supervised machine learning for population genetics: A new paradigm},
  author= Schrider, D.R., Kern, A.D.},
  journal={Trends in Genetics},
  volume={},
  pages={},
  year={2018}
}